<record><leader>00000cas a2200000 a 4500</leader><controlfield tag="001">17399015</controlfield><controlfield tag="008">880127d19851989kyuer ne      0    0eng d</controlfield><datafield ind1=" " ind2=" " tag="010"><subfield code="a">sn 88061003 </subfield></datafield><datafield ind1=" " ind2=" " tag="040"><subfield code="a">KNP</subfield><subfield code="b">eng</subfield><subfield code="c">KNP</subfield><subfield code="d">OCL</subfield><subfield code="d">OCLCQ</subfield><subfield code="d">KYUBL</subfield><subfield code="d">OCLCQ</subfield><subfield code="d">OCLCF</subfield><subfield code="d">OCLCO</subfield></datafield><datafield ind1="1" ind2=" " tag="029"><subfield code="a">AU@</subfield><subfield code="b">000025807015</subfield></datafield><datafield ind1=" " ind2=" " tag="042"><subfield code="a">msc</subfield></datafield><datafield ind1=" " ind2=" " tag="043"><subfield code="a">n-us-ky</subfield></datafield><datafield ind1="0" ind2="4" tag="245"><subfield code="a">The Smith's Grove gazette.</subfield></datafield><datafield ind1=" " ind2=" " tag="260"><subfield code="a">Smith's Grove, Ky. :</subfield><subfield code="b">[s.n.],</subfield><subfield code="c">1985-</subfield></datafield><datafield ind1=" " ind2=" " tag="300"><subfield code="a">v. :</subfield><subfield code="b">ill.</subfield></datafield><datafield ind1=" " ind2=" " tag="310"><subfield code="a">Biweekly</subfield></datafield><datafield ind1="0" ind2=" " tag="362"><subfield code="a">Vol. 2, no. 9 (Oct. 22, 1985)-</subfield></datafield><datafield ind1="1" ind2=" " tag="362"><subfield code="a">Ceased in 1989?</subfield></datafield><datafield ind1=" " ind2="0" tag="651"><subfield code="a">Smiths Grove (Ky.)</subfield><subfield code="v">Newspapers.</subfield></datafield><datafield ind1=" " ind2="0" tag="651"><subfield code="a">Warren County (Ky.)</subfield><subfield code="v">Newspapers.</subfield></datafield><datafield ind1=" " ind2="7" tag="655"><subfield code="a">Newspapers.</subfield><subfield code="2">fast</subfield><subfield code="0">(OCoLC)fst01423814</subfield></datafield><datafield ind1=" " ind2="7" tag="651"><subfield code="a">Kentucky</subfield><subfield code="z">Smiths Grove.</subfield><subfield code="2">fast</subfield><subfield code="0">(OCoLC)fst01251271</subfield></datafield><datafield ind1=" " ind2="7" tag="651"><subfield code="a">Kentucky</subfield><subfield code="z">Warren County.</subfield><subfield code="2">fast</subfield><subfield code="0">(OCoLC)fst01210670</subfield></datafield><datafield ind1=" " ind2=" " tag="752"><subfield code="a">United States</subfield><subfield code="b">Kentucky</subfield><subfield code="c">Warren</subfield><subfield code="d">Smiths Grove.</subfield></datafield><datafield ind1="0" ind2="0" tag="780"><subfield code="t">Smith's Grove weekly gazette</subfield><subfield code="w">(DLC)sn 88061002</subfield></datafield></record>